%
%  $Description: Sample bibliography$ 
% 
%  $Author: ienne $ 
%  $Date: 1995/09/15 15:19:53 $
%  $Revision: 1.3 $
%

@online{ex1,
  author = {Martin Abadi and Luca Cardelli},
  title = {A Theory of Objects},
  year = 1996,
}

@online{ex2,
  author = {Martin Abadi and Luca Cardelli},
  title = {A Logic of Object-Oriented Programs},
  year = 2003,
}

@online{ex3,
  author = {Wikipedia},
  title = {Article on Lambda Calculus},
  url = {https://en.wikipedia.org/wiki/Lambda_calculus},
  urldate = {2016-03-15}
}

@online{ex4,
  author = {Wikipedia},
  title = {Article on Church Encoding},
  url = {https://en.wikipedia.org/wiki/Church_encoding},
  urldate = {2016-03-15}
}

@online{ex5,
  author = {Martin Odersky and Vincent Cremet and Christine Rockl and Matthias Zenger},
  title = {A Nominal Theory of Objects with Dependent Types},
  year = 2003,
}

@online{ex6,
  author = {Martin Abadi and Luca Cardelli},
  title = {A Semantics of Object Types},
  year = 1994
}

@online{ex7,
  author = {Raul Rojas},
  title = {A Tutorial Introduction to the Lambda Calculus},
  year = 2015
}

@online{ex8,
  author = {Benjamin C. Pierce and David N. Turner},
  title = {Simple Type-Theoretic Foundations for Object-Oriented Programming.},
  year = 1994
}

@online{ex9,
  author = {G. Castagna},
  title = {Object-oriented programming},
  year = 1997
}

@online{ex10,
  author = {K. B. Bruce},
  title = {Foundations of Object-oriented Languages},
  year = 2002
}

@online{ex11,
  author = {Martin Abadi and Luca Cardelli},
  title = {An Imperative Object Calculus: Basic Typing and Soundness},
  year = 1995
}
